<?xml version="1.0" encoding="UTF-8"?><collection xmlns="http://www.loc.gov/MARC21/slim"><record><leader>00498nam--2200193-u-4500</leader><controlfield tag="001">000056865</controlfield><controlfield tag="002">20200911</controlfield><controlfield tag="005">20200911025205</controlfield><controlfield tag="008">200911s1000------------r-----000-0-rum-d</controlfield><datafield ind1=" " ind2=" " tag="040"><subfield code="a">IFIN-HH</subfield></datafield><datafield ind1="1" ind2=" " tag="041"><subfield code="a">eng</subfield></datafield><datafield ind1="1" ind2=" " tag="100"><subfield code="a">Dragan, Gleb</subfield></datafield><datafield ind1="1" ind2="0" tag="240"><subfield code="a">Dictionar Explicativ</subfield></datafield><datafield ind1="1" ind2=" " tag="245"><subfield code="b">Gleb Dragan (Coord.)</subfield></datafield><datafield ind1=" " ind2=" " tag="260"><subfield code="a">Bucuresti</subfield><subfield code="b">Editura Academiei Romane</subfield><subfield code="c">2002</subfield></datafield><datafield ind1=" " ind2=" " tag="300"><subfield code="a">XXIV+135 p</subfield></datafield><datafield ind1=" " ind2=" " tag="500"><subfield code="a">Donatie Acad. Nicolae Victor Zamfir</subfield></datafield><datafield ind1="1" ind2=" " tag="852"><subfield code="a">82803</subfield><subfield code="c">NVZ</subfield></datafield><datafield ind1=" " ind2=" " tag="CAT"><subfield code="a">SYS</subfield><subfield code="c">20200911</subfield><subfield code="h">025205</subfield></datafield></record></collection>